<?xml version="1.0" encoding="UTF-8"?><collection xmlns="http://www.loc.gov/MARC21/slim"><record><leader>00338nam--2200121-i-4500</leader><controlfield tag="001">000049135</controlfield><controlfield tag="002">20161230</controlfield><controlfield tag="005">20161230201047</controlfield><controlfield tag="008">060222s1000------------r-----000-0-eng-d</controlfield><datafield ind1=" " ind2=" " tag="080"><subfield code="a">621.039.83(061.3):616</subfield></datafield><datafield ind1=" " ind2=" " tag="245"><subfield code="a">Radiosterilization of medical products and recommended code of practice</subfield></datafield><datafield ind1=" " ind2=" " tag="260"><subfield code="a">Vienna, Iaea, 1967, 458p</subfield></datafield><datafield ind1=" " ind2=" " tag="852"><subfield code="a">44421</subfield></datafield></record></collection>